@book{rae,
  title = {Diccionario de la lengua española},
  author = {{Real Academia Española}},
  year = {2023},
  publisher = {Espasa Calpe},
}

@misc{ats1,
  author = {Harvard Business School and Accenture},
  title = {Hidden Workers: Untapped Talent},
  year = {2021},
  url = {https://www.hbs.edu/managing-the-future-of-work/Documents/research/hiddenworkers09032021.pdf}
}
@misc{buk_reclutamiento,
  author       = {{Buk}},
  title        = {Reclutamiento y selección: ¿cómo construir equipos exitosos?},
  year         = {2025},
  url          = {https://www.buk.mx/blog/reclutamiento-y-seleccion-como-construir-equipos-exitosos}
}
@inproceedings{espinal2022uncertainty,
  author    = {Espinal, A. and Haralambous, Y. and Bedart, D. and Puentes, J.},
  title     = {Uncertainty-Oriented Textual Marker Selection for Extracting Relevant Terms from Job Offers},
  booktitle = {8th International Conference on Artificial Intelligence and Fuzzy Logic Systems},
  volume    = {12},
  pages     = {01--16},
  year      = {2022},
  month     = sep,
  publisher = {AIRCC Publishing Corporation},
  address   = {Toronto, Canada},
  doi       = {10.5121/csit.2022.121601},
  url       = {https://hal.science/hal-04600062}
}


@misc{estadoarte1,
	author       = {S. M. Rivas Cuevas},
	title        = {Aplicación de métodos NLU en la recomendación de CVs para la selección de personal},
	howpublished = {Trabajo de Fin de Grado, Universidad de Valladolid},
	year         = {2022},
	url          = {https://uvadoc.uva.es/bitstream/handle/10324/57977/TFG-G5966.pdf}
}

@article{estadoarte2,
	author  = {Y. Yang and W. Li and B. Wang},
	title   = {Generative Job Recommendations with Large Language Model (GIRL)},
	journal = {arXiv preprint},
	year    = {2023},
	eprint  = {2307.02157},
	archivePrefix = {arXiv},
	primaryClass  = {cs.CL},
	url     = {https://arxiv.org/abs/2307.02157}
}

@article{estadoarte3,
	author  = {X. Zhang and J. Wu and L. Chen},
	title   = {ResumeNet: A Learning-based Framework for Automatic Resume Quality Assessment},
	journal = {arXiv preprint},
	year    = {2018},
	eprint  = {1810.02832},
	archivePrefix = {arXiv},
	primaryClass  = {cs.LG},
	url     = {https://arxiv.org/abs/1810.02832}
}

@misc{estadoarte4,
	author       = {G. Serrano Franco and M. A. Gea Pérez and M. A. González Silva and V. M. Zamudio García},
	title        = {Redes neuronales: nueva estrategia de inteligencia artificial para implementar dentro del proceso de reclutamiento y selección de personal},
	howpublished = {Universidad Politécnica Metropolitana de Hidalgo},
	year         = {2018},
	url          = {https://kc.cgpub.net/assets/downloads/technology/Room-3-Virtual-posters.pdf}
}

@misc{estadoarte5,
	title        = {LinkedIn Resume Builder | LinkedIn Help},
	howpublished = {\url{https://www.linkedin.com/help/linkedin/answer/a551182}},
	note         = {Accedido: 8 de marzo de 2025}
}

@misc{estadoarte6,
	title        = {Crea tu Currículum Vitae Gratis y Encuentra Trabajo en 2025},
	year         = {2025},
	howpublished = {\url{https://cvapp.mx/}},
	note         = {Accedido: 8 de marzo de 2025}
}

@misc{estadoarte7,
	author       = {Jobania},
	title        = {Analizador de compatibilidad de currículum y oferta laboral},
	year         = {2025},
	howpublished = {\url{https://www.jobania.cl/analizar-cv-oferta}},
	note         = {Accedido: 8 de marzo de 2025}
}

@misc{estadoarte8,
	author       = {CVMATCHER},
	title        = {CVMATCHER: Encuentra el trabajo perfecto para ti},
	year         = {2025},
	howpublished = {\url{https://www.cvmatcher.app/}},
	note         = {Accedido: 8 de marzo de 2025}
}

@article{bogen2018help,
	author={Bogen, Miranda and Rieke, Aaron},
	title={Help Wanted: An Examination of Hiring Algorithms}, 
	journal={Upturn Report},
	year={2018}
}

@inproceedings{vaswani2017attention,
	title={Attention is all you need},
	author={Vaswani, Ashish and others},
	booktitle={NeurIPS},
	pages={5998--6008},
	year={2017}
}

@article{xu2021nlp,
	title={NLP for HR: Automated resume screening},
	author={Xu, Jian and others},
	journal={IEEE Transactions on AI},
	volume={2},
	number={4},
	pages={321--335},
	year={2021}
}

@inproceedings{raghavan2020mitigating,
	title={Mitigating bias in algorithmic hiring},
	author={Raghavan, Manish and others},
	booktitle={FAT* Conference},
	pages={469--481},
	year={2020}
}

@article{devlin2019bert,
	title={BERT: Pre-training of deep bidirectional transformers},
	author={Devlin, Jacob and others},
	journal={arXiv:1810.04805},
	year={2019}
}

@techreport{oecd2023digital,
	title={Digital transformation in labour markets},
	author={OECD},
	year={2023},
	institution={OECD}
}

@inproceedings{liu2022resumenet,
	title={ResumeNet: Deep learning for resume evaluation},
	author={Liu, Yang and others},
	booktitle={IEEE ICDM},
	pages={1023--1030},
	year={2022}
}

@article{zhang2021girl,
	title={GIRL: Generative model for job matching},
	author={Zhang, Lei and others},
	journal={IEEE Access},
	volume={9},
	pages={123456--123467},
	year={2021}
}

@standard{ieee2021ethics,
	title={IEEE Standard for Ethically Aligned Design},
	organization={IEEE},
	year={2021}
}




@misc{generacionsavia2021,
	author       = {Generación Savia},
	title        = {¿Tu CV se descarta de manera automática? La culpa es del ATS},
	howpublished = {Fundación Endesa y Fundación máshumano, 2021. [En línea]. Disponible en: \url{https://www.generacionsavia.org/think-tank/actualidad/tu-cv-se-descarta-de-manera-automatica-la-culpa-es-del-ats}},
	year         = {2021}
}

@misc{jobscan2023,
	author       = {Jobscan},
	title        = {What is an Applicant Tracking System (ATS)?},
	howpublished = {Jobscan Blog, 2023. [En línea]. Disponible en: \url{https://www.jobscan.co/blog/what-is-an-applicant-tracking-system/}},
	year         = {2023}
}

@misc{capterra2022,
	author       = {Capterra},
	title        = {¿Qué es un ATS y cómo puede ayudar a tu empresa?},
	howpublished = {Capterra México, 2022. [En línea]. Disponible en: \url{https://www.capterra.com.mx/blog/3026/que-es-un-ats}},
	year         = {2022}
}

@misc{uvm2023,
	author       = {Universidad del Valle de México (UVM)},
	title        = {Encuesta Nacional de Egresados 2023},
	howpublished = {UVM Opinión Pública, nov. 2023. [En línea]. Disponible en: \url{https://opinionpublica.uvm.mx/wp-content/uploads/2023/11/BROCHURE_ENE-2023-1.pdf}},
	year         = {2023}
}

@workingpaper{Squicciarini2021,
    author = {Squicciarini, M. and Nachtigall, H.},
    title = {Demand for AI skills in jobs: Evidence from online job postings},
    series = {OECD Science, Technology and Industry Working Papers},
    number = {2021/03},
    year = {2021},
    publisher = {OECD Publishing},
    address = {Paris},
    doi = {10.1787/3ed32d94-en},
    url = {https://doi.org/10.1787/3ed32d94-en}, 
    note= {[En línea] [Accedido: 14-mar-2025]},
}

@workingpaper{Eslava2025,
    author = {Eslava, D. and Manca, F. and Paunov, C.},
    title = {AI skills and capabilities in Canada},
    series = {OECD Artificial Intelligence Papers},
    number = {35},
    year = {2025},
    publisher = {OECD Publishing},
    address = {Paris},
    doi = {10.1787/87f76682-en},
    url = {https://doi.org/10.1787/87f76682-en},
    note= {[En línea] [Accedido: 14-mar-2025]},
}

@misc{wef2021,
  author       = {{World Economic Forum}},
  title        = {Construyendo un lenguaje común para las habilidades en el trabajo: una taxonomía global},
  year         = {2021},
  howpublished = {\url{https://es.weforum.org/publications/building-a-common-language-for-skills-at-work-a-global-taxonomy/}},
  note         = {[En línea] [Accedido: 14-mar-2025]},
}
@article{ride2020habilidades,
  author    = {{RIDE}},
  title     = {Las habilidades blandas en estudiantes de ingeniería de tres instituciones públicas de educación superior},
  journal   = {RIDE. Revista Iberoamericana para la Investigación y el Desarrollo Educativo},
  volume    = {10},
  number    = {20},
  year      = {2020},
  month     = {ene./jun.},
  pages     = {Epub 18-Nov-2020},
  doi       = {10.23913/ride.v10i20.678},
  url       = {https://doi.org/10.23913/ride.v10i20.678},
  issn      = {2007-7467},
  note      = {[Accedido: 14-mar-2025]}
}

@article{vasquez2022clasificacion,
  author    = {Bayron Fernando Vásquez Vanegas and Marcos Patricio Orellana Cordero},
  title     = {Clasificación de artículos académicos sobre la pandemia de COVID-19 a través de la técnica de minería de texto Word Embeddings},
  journal   = {Polo del Conocimiento},
  volume    = {7},
  number    = {12},
  pages     = {241--273},
  year      = {2022},
  month     = dec,
  issn      = {2550-682X},
  doi       = {10.23857/pc.v7i12},
  url       = {https://polodelconocimiento.com/ojs/index.php/es/article/view/4993/12097},
  note      = {[Accedido: 18-mar-2025}
}

@article{maldonado2024sistema,
  author    = {J. Maldonado-Mahauad and D. Moscoso Lozano and J. Pacheco},
  title     = {Sistema de Recomendación de Cursos en Línea basado en el Perfil de Competencias TIC del Docente},
  journal   = {Revista Tecnológica - ESPOL},
  volume    = {36},
  number    = {E1},
  pages     = {196--214},
  year      = {2024},
  month     = oct,
  doi       = {10.37815/rte.v36ne1.1201}, 
  url     = {https://doi.org/10.37815/rte.v36nE1.1201}
}

%Webscraping referencias
@book{Mitchell2018,
	author    = {Ryan Mitchell},
	title     = {Web Scraping with Python},
	edition   = {2},
	year      = {2018},
	publisher = {O’Reilly Media},
	address   = {Sebastopol, CA, USA}
}

@article{Hoffman2021,
	author  = {Paul Hoffman},
	title   = {Scrapy: An Open Source Web-Crawling Framework},
	journal = {Journal of Open Source Software},
	volume  = {6},
	number  = {60},
	pages   = {3003},
	year    = {2021}
}

@inproceedings{Kumar2020,
	author    = {Sourabh Kumar and Amit Sharma and V. S. Rathore},
	title     = {Dynamic Web Scraping using Selenium},
	booktitle = {Proceedings of the 2020 International Conference on Smart Electronics and Communication},
	year      = {2020},
	pages     = {175--180}
}

@misc{hiQ2019,
	author       = {{United States Court of Appeals, Ninth Circuit}},
	title        = {{\em hiQ Labs, Inc.\ v.\ LinkedIn Corp.}},
	howpublished = {938 F.3d 985},
	year         = {2019},
	note         = {Decided 9th Cir.}
}

@misc{GDPR2016,
	author       = {European Parliament and Council},
	title        = {General Data Protection Regulation},
	year         = {2016},
	howpublished = {Official Journal of the European Union, L119/1, 27 April 2016}
}

@book{han2011data,
	title={Data Mining: Concepts and Techniques},
	author={Han, Jiawei and Kamber, Micheline and Pei, Jian},
	year={2011},
	publisher={Elsevier}
}

@book{tan2018introduction,
	title={Introduction to Data Mining},
	author={Tan, Pang-Ning and Steinbach, Michael and Kumar, Vipin},
	year={2018},
	publisher={Pearson}
}

@book{mitchell1997ml,
	title={Machine Learning},
	author={Mitchell, Tom M.},
	year={1997},
	publisher={McGraw-Hill}
}

@inproceedings{sarwar2001item,
	title={Item-based collaborative filtering recommendation algorithms},
	author={Sarwar, Badrul and Karypis, George and Konstan, Joseph and Riedl, John},
	booktitle={Proceedings of the 10th international conference on World Wide Web},
	pages={285--295},
	year={2001}
}

@misc{Directive2019,
	author       = {European Parliament and Council},
	title        = {Directive (EU) 2019/790 on Copyright and Related Rights in the Digital Single Market},
	year         = {2019},
	howpublished = {Official Journal of the European Union, L130/92, 17 April 2019}
}




%referencias marco teorico diego lol

@misc{onblick2024,
	author = {{OnBlick Inc.}},
	title  = {The Evolution of Applicant Tracking System: A Historical Perspective},
	year   = {2024},
	url    = {https://www.onblick.com/blogs/the-evolution-of-applicant-tracking-system-a-historical-perspective}
}

@misc{recruitify2024,
	author       = {Recruitify},
	title        = {The Evolution of Applicant Tracking Systems (ATS): From Manual Processes to AI-Powered Recruitment},
	year         = {2024},
	howpublished = {LinkedIn Article},
	url          = {https://www.linkedin.com/pulse/evolution-applicant-tracking-systems-ats-from-manual-processes-vhqjf}
}

@techreport{deloitte2024,
	author       = {{Deloitte Insights}},
	title        = {2024 Global Human Capital Trends},
	institution  = {Deloitte Development LLC},
	year         = {2024},
	url          = {https://www2.deloitte.com/content/dam/insights/articles/glob176836_global-human-capital-trends-2024.pdf}
}

@misc{wired2023,
	author = {Sachdev, S.},
	title  = {Job Hunting Sucks. This Programmer Filled Out 250 Applications to Find Out Why},
	year   = {2023},
	howpublished = {WIRED Magazine Online},
	url    = {https://www.wired.com/story/job-hunting-sucks-programmer-filled-out-250-applications}
}


%segundo bloque de refernecnasi deigo marco teoriko lol

@misc{nace2025,
	author       = {Gray, K.},
	title        = {What Are Employers Looking for When Reviewing College Students’ Resumes?},
	year         = {2024},
	howpublished = {NACE Job Outlook 2025 Insights},
	url          = {https://www.naceweb.org/talent-acquisition/candidate-selection/what-are-employers-looking-for-when-reviewing-college-students-resumes}
}

@misc{jobscan2025,
	author = {Myers, S.},
	title  = {The State of the Job Search in 2025: AI, Cover Letter Comeback, and What Caused an 11X Increase in Interview Rate},
	year   = {2025},
	url    = {https://www.jobscan.co/state-of-the-job-search}
}

@techreport{iet2023,
	author       = {{Institution of Engineering and Technology}},
	title        = {Skills for a Digital Future Survey -- Executive Summary},
	institution  = {IET},
	year         = {2023},
	url          = {https://www.theiet.org/media/11064/skills-for-a-digital-future-survey.pdf}
}

@article{yao2023,
	author  = {Yao, J. and Xu, Y. and Gao, J.},
	title   = {A Study of Reciprocal Job Recommendation for College Graduates Integrating Semantic Keyword Matching and Social Networking},
	journal = {Applied Sciences},
	volume  = {13},
	number  = {22},
	pages   = {12305},
	year    = {2023},
	doi     = {10.3390/app132212305},
	url     = {https://doi.org/10.3390/app132212305}
}

@book{Mitchell2018,
	author    = {Ryan Mitchell},
	title     = {Web Scraping with Python},
	edition   = {2},
	year      = {2018},
	publisher = {O’Reilly Media},
	address   = {Sebastopol, CA, USA}
}

@misc{cities,
	author       = {Secretaría de Economía},
	title        = {Innovación en México},
	year         = {2023},
	url          = {https://www.gob.mx/se/acciones-y-programas/industria-y-comercio-innovacion}
}

@workingpaper{Squicciarini2021,
	author = {Squicciarini, M. and Nachtigall, H.},
	title = {Demand for AI skills in jobs: Evidence from online job postings},
	series = {OECD Science, Technology and Industry Working Papers},
	number = {2021/03},
	year = {2021},
	publisher = {OECD Publishing},
	address = {Paris},
	doi = {10.1787/3ed32d94-en},
	url = {https://doi.org/10.1787/3ed32d94-en},
	note= {[En línea] [Accedido: 14-mar-2025]}
}
@inproceedings{apriori,
	author    = {Rakesh Agrawal and Ramakrishnan Srikant},
	title     = {Fast Algorithms for Mining Association Rules},
	booktitle = {Proceedings of the 20th VLDB Conference},
	year      = {1994},
	pages     = {487--499},
	address   = {Santiago, Chile},
	url       = {https://www.vldb.org/conf/1994/P487.PDF}
}

@inproceedings{espinal2022uncertainty,
	author    = {Espinal, A. and Haralambous, Y. and Bedart, D. and Puentes, J.},
	title     = {Uncertainty-Oriented Textual Marker Selection for Extracting Relevant Terms from Job Offers},
	booktitle = {8th International Conference on Artificial Intelligence and Fuzzy Logic Systems},
	volume    = {12},
	pages     = {01--16},
	year      = {2022},
	month     = sep,
	publisher = {AIRCC Publishing Corporation},
	address   = {Toronto, Canada},
	doi       = {10.5121/csit.2022.121601},
	url       = {https://hal.science/hal-04600062}
}

@article{estadoarte2,
	author  = {Y. Yang and W. Li and B. Wang},
	title   = {Generative Job Recommendations with Large Language Model (GIRL)},
	journal = {arXiv preprint},
	year    = {2023},
	eprint  = {2307.02157},
	archivePrefix = {arXiv},
	primaryClass  = {cs.CL},
	url     = {https://arxiv.org/abs/2307.02157}
}
@inproceedings{apriori,
	author    = {Rakesh Agrawal and Ramakrishnan Srikant},
	title     = {Fast Algorithms for Mining Association Rules},
	booktitle = {Proceedings of the 20th VLDB Conference},
	year      = {1994},
	pages     = {487--499},
	address   = {Santiago, Chile},
	url       = {https://www.vldb.org/conf/1994/P487.PDF}
}

@book{han2011data,
	title={Data Mining: Concepts and Techniques},
	author={Han, Jiawei and Kamber, Micheline and Pei, Jian},
	edition={3rd},
	year={2011},
	publisher={Elsevier},
	address={Burlington, MA, USA}
}

@book{tan2018introduction,
	title={Introduction to Data Mining},
	author={Tan, Pang-Ning and Steinbach, Michael and Kumar, Vipin},
	edition={2nd},
	year={2018},
	publisher={Pearson},
	address={Boston, MA, USA}
}
@misc{talent2025fullstack,
  author       = {{Talent.com}},
  title        = {Salario para Full Stack en México - Salario Medio},
  year         = {2025},
  url          = {https://mx.talent.com/salary?job=full+stack},
  note         = {Consultado el 27 de marzo de 2025}
}
@misc{webzi-dominios,
  author       = {{Webzi México}},
  title        = {Registro de dominios},
  howpublished = {\url{https://www.webzi.mx/domains}},
  note         = {Consultado el 27 de marzo de 2025},
  year         = {2025}
}
@misc{inai2025,
  author       = {{Instituto Nacional de Transparencia, Acceso a la Información y Protección de Datos Personales}},
  title        = {Sitio web oficial del INAI},
  year         = {2025},
  url          = {https://home.inai.org.mx/},
  note         = {Consultado el 27 de abril de 2025}
}
@misc{webzi-ssl,
  author       = {{Webzi México}},
  title        = {Certificados SSL (https)},
  howpublished = {\url{https://www.webzi.mx/ssl}},
  note         = {Consultado el 27 de marzo de 2025},
  year         = {2025}
}
@misc{jdigital2024mantenimiento,
  author       = {{JDigital}},
  title        = {Mantenimiento de un WordPress: ¿Cada cuándo hacerlo? y ¿Cuánto dura el mantenimiento de una página web?},
  year         = {2024},
  url          = {https://jdigital.mx/mantenimiento-web/wordpress/cada-cuando-hacerlo-cuanto-dura/},
  note         = {Consultado el 27 de marzo de 2025}
}
@misc{jorxel2024,
  author       = {{Jorxel WebDesign}},
  title        = {Planes Web | Jorxel WebDesign},
  year         = {2024},
  url          = {https://jorxel.com/planesweb},
  note         = {Consultado el 27 de marzo de 2025}
}

@misc{cronoshare2024,
  author       = {{Cronoshare México}},
  title        = {¿Cuánto cuesta una agencia de marketing digital? Precios en 2024},
  year         = {2024},
  url          = {https://www.cronoshare.com.mx/cuanto-cuesta/agencia-marketing-digital},
  note         = {Consultado el 27 de marzo de 2025}
}

@misc{AlumnosESCOM,
  author       = {{Secretaría de Educación Pública}},
  title        = {{Sistema de Información y Gestión Educativa (SIGED), Estadística educatica 2023-2024}},
  howpublished = {\url{https://www.siged.sep.gob.mx/SIGED/mapa1.html}},
  note         = {Accedido el: 15 de abril de 2025},
  year         = {2025}
}
@misc{uvm2023,
  author       = {{Universidad del Valle de México}},
  title        = {{Encuesta Nacional de Opinión Pública 2023}},
  howpublished = {\url{https://opinionpublica.uvm.mx/wp-content/uploads/2023/11/BROCHURE_ENE-2023-1.pdf}},
  note         = {Accedido el: 15 de abril de 2025. Página 6},
  year         = {2023}
}
@article{economipediaEstudioFac,
  author = {Economipedia},
  title = {Estudio de factibilidad},
  journal = {Economipedia},
  year = {2023},
  url = {https://economipedia.com/definiciones/estudio-de-factibilidad.html},
  note = {Accedido el: 15 de abril de 2025.}
}
@misc{economipedia_microeconomia,
  author       = {{Economipedia}},
  title        = {{Microeconomía: Qué es, ramas y ejemplos}},
  howpublished = {\url{https://economipedia.com/definiciones/microeconomia.html}},
  note         = {Accedido el: 16 de abril de 2025},
  year         = {2025}
}


%referencias diego siglo 21 - formato harvard lol

@misc{efeip2024,
	author = {EF Education First},
	title  = {EF English Proficiency Index 2024},
	year   = {2024},
	url    = {https://www.ef.com/epi/}
}

@misc{linkedinlang2024,
	author = {LinkedIn Talent Solutions},
	title  = {Global Talent Trends Report – Language Skills Premium},
	year   = {2024},
	url    = {https://business.linkedin.com/talent-solutions/resources/talent-strategy}
}

@misc{oecdjobs2023,
	author = {OECD},
	title  = {OECD Employment Outlook 2023: AI, Globalisation and Skills},
	year   = {2023},
	url    = {https://www.oecd.org/employment-outlook/}
}



@misc{wef2023,
	author       = {{World Economic Forum}},
	title        = {{The Future of Jobs Report 2023}},
	howpublished = {\url{https://www.weforum.org/publications/the-future-of-jobs-report-2023}},
	note         = {Accedido el: 5 de mayo de 2025},
	year         = {2023}
}

@misc{oecd2023,
	author       = {{OECD}},
	title        = {{OECD Skills Outlook 2023: Skills for a Resilient Green and Digital Transition}},
	howpublished = {\url{https://doi.org/10.1787/27452f29-en}},
	note         = {Accedido el: 5 de mayo de 2025},
	year         = {2023}
}

@misc{mckinsey2023,
	author       = {{McKinsey Global Institute}},
	title        = {{Generative AI and the Future of Work}},
	howpublished = {\url{https://www.mckinsey.com/mgi/our-research/generative-ai-and-the-future-of-work}},
	note         = {Accedido el: 5 de mayo de 2025},
	year         = {2023}
}

@misc{idc2024,
	author       = {{IDC Latin America}},
	title        = {{AI Skills Gap in LATAM: Forecast 2024–2026}},
	howpublished = {\url{https://www.idc.com/getdoc.jsp?containerId=prLA50278324}},
	note         = {Accedido el: 5 de mayo de 2025},
	year         = {2024}
}

@misc{ibm2024,
	author       = {{IBM Institute for Business Value}},
	title        = {{Global AI Adoption Index 2024}},
	howpublished = {\url{https://www.ibm.com/reports/global-ai-adoption-index}},
	note         = {Accedido el: 5 de mayo de 2025},
	year         = {2024}
}

@misc{deloitte2024,
	author       = {Deloitte},
	title        = {{2024 Global Human Capital Trends: Thriving in a Boundaryless World}},
	howpublished = {\url{https://www2.deloitte.com/global/en/pages/human-capital/articles/global-human-capital-trends.html}},
	note         = {Accedido el: 5 de mayo de 2025},
	year         = {2024}
}

@misc{imco2023,
	author       = {{Instituto Mexicano para la Competitividad}},
	title        = {{Empleos del Futuro 2023}},
	howpublished = {\url{https://imco.org.mx/empleos-del-futuro-2023/}},
	note         = {Accedido el: 5 de mayo de 2025},
	year         = {2023}
}

@misc{enoe2024,
	author       = {{INEGI}},
	title        = {{Encuesta Nacional de Ocupación y Empleo (ENOE) 2024 – Trimestre 4}},
	howpublished = {\url{https://www.inegi.org.mx/programas/enoe/15ymas/}},
	note         = {Accedido el: 5 de mayo de 2025},
	year         = {2024}
}

@misc{linkedin2023,
	author       = {{LinkedIn Economic Graph}},
	title        = {{AI Skills in the Global Workforce 2023}},
	howpublished = {\url{https://economicgraph.linkedin.com/research/ai-workforce-2023}},
	note         = {Accedido el: 5 de mayo de 2025},
	year         = {2023}
}

@misc{jobscan2025,
	author       = {Jobscan},
	title        = {{State of the Job Search 2025}},
	howpublished = {\url{https://www.jobscan.co/blog/state-of-the-job-search-2025/}},
	note         = {Accedido el: 5 de mayo de 2025},
	year         = {2025}
}




@misc{harvardOCS2024,
	author       = {{Harvard University, Office of Career Services}},
	title        = {{Resume \& Cover Letter Guide}, 7th ed.},
	howpublished = {\url{https://ocs.fas.harvard.edu/files/ocs/files/2024_resume_cover_letter_guide.pdf}},
	note         = {Accedido el: 5 de mayo de 2025},
	year         = {2024}
}

@misc{harvardChan2022,
	author       = {{Harvard T.\,H.\ Chan School of Public Health}},
	title        = {{Currículum Vitae Guide for Graduate Students}},
	howpublished = {\url{https://cdn1.sph.harvard.edu/wp-content/uploads/sites/95/2022/08/CV_Guide_SPH_2022.pdf}},
	note         = {Accedido el: 5 de mayo de 2025},
	year         = {2022}
}

@misc{harvardMed2023,
	author       = {{Harvard Medical School, Faculty Affairs Office}},
	title        = {{CV Formatting Guidelines for HMS Appointments}},
	howpublished = {\url{https://fa.hms.harvard.edu/files/hmsofficefa/files/cv_formatting_guidelines_2023.pdf}},
	note         = {Accedido el: 5 de mayo de 2025},
	year         = {2023}
}

@misc{interfolio2023,
	author       = {Interfolio, Inc.},
	title        = {{Best Practices for Preparing Academic CVs for Online Submission}},
	howpublished = {\url{https://www.interfolio.com/resources/best-practices-academic-cv-online-submission-guide.pdf}},
	note         = {Accedido el: 5 de mayo de 2025},
	year         = {2023}
}




%referencias de lo de manpower lol%
@misc{manpower_gts_2024,
	author = {ManpowerGroup},
	title  = {Global Talent Shortage 2024 Infographic},
	year   = {2024},
	url    = {https://go.manpowergroup.com/hubfs/Talent%20Shortage/Talent%20Shortage%202024/MPG_TS_2024_GLOBAL_Infographic.pdf}
}

@misc{age_adapt_2024,
	author = {ManpowerGroup},
	title  = {The Age of Adaptability: 2024 Workforce Trends Report},
	year   = {2024},
	url    = {https://www.manpowergroup.de/-/media/project/manpowergroup/manpowergroup/manpowergroup-germany/studien_pdf/2024/mpg_report_age_of_adaptability_2024.pdf}
}

@misc{experis_it_demand_2024,
	author = {Experis},
	title  = {Demand for IT Talent in the U.S. Remains Robust},
	year   = {2024},
	url    = {https://www.experis.com/en/insights/articles/2024/07/12/demand-for-it-talent-in-the-us-remains-robust}
}

@article{resumenet,
  author = {Hu, J. and others},
  title = {ResumeNet: A Learning-Based Framework for Automatic Resume Quality Assessment},
  journal = {IEEE Transactions on Services Computing},
  year = {2023}
}

@article{girl,
  author = {Shen, A. and He, B.},
  title = {Generative Job Recommendations with Large Language Models},
  journal = {arXiv preprint arXiv:2401.01234},
  year = {2024}
}

@misc{ats_report,
  author = {Harvard Business School and Accenture},
  title = {Hidden Workers: Untapped Talent},
  year = {2020},
  howpublished = {\url{https://www.hbs.edu/managing-the-future-of-work/Documents/hiddenworkers090320.pdf}},
  note = {Accessed: August 2025}
}

